@book{Crow2021PowerBook,
  author    = {Crow, Mariesa L.},
  title     = {{Computational Methods for Electric Power Systems (Electric Power Engineering Series)}},
  year      = {2021},
  month     = jun,
  isbn      = {978-1-03209822-7},
  publisher = {CRC Press},
  address   = {Boca Raton, FL, USA},
  url       = {https://www.amazon.com/Computational-Methods-Electric-Systems-Engineering/dp/1032098228}
}} 

@misc{EIAEnergyConsumptionWebpage,
  title = {NREL Sienna},
  url   = {https://www.eia.gov/consumption/},
  note  = {Accessed: 2023-04-21}
}

@book{Grainger1994PowerBook,
  title     = {Power system analysis},
  author    = {Grainger, John J and Stevenson Jr, WUliam D},
  year      = {1994},
  publisher = {McGraw-Hill series in electrical and computer engineering}
}

@book{Kundur1994DynamicsBook,
  author    = {Kundur, Prabha S.},
  title     = {{Power System Stability and Control}},
  year      = {1994},
  month     = jan,
  isbn      = {978-0-07035958-1},
  publisher = {McGraw Hill},
  address   = {New York, NY, USA},
  url       = {https://www.amazon.com/System-Stability-Control-Prabha-Kundur/dp/007035958X}
}

@misc{NRELSeinnaGitHub,
  title = {NREL-Sienna github.com},
  url   = {https://github.com/NREL-Sienna},
  note  = {Accessed: 2023-05-29}
}} 

@article{Ahmadi2021Sep,
	author = {Ahmadi, Afshin and Smith, Melissa C. and Collins, Edward R. and Dargahi, Vahid and Jin, Shuangshuang},
	title = {{Fast Newton-Raphson Power Flow Analysis Based on Sparse Techniques and Parallel Processing}},
	journal = {IEEE Trans. Power Syst.},
	volume = {37},
	number = {3},
	pages = {1695--1705},
	year = {2021},
	month = sep,
	issn = {1558-0679},
	publisher = {IEEE},
	doi = {10.1109/TPWRS.2021.3116182}
}

@misc{ieeeCDF1999Oct,
	title = {{IEEE Standard Common Format for Transient Data Exchange (COMTRADE) for Power Systems}},
	journal = {IEEE Std C37.111-1999},
	pages = {1--55},
	year = {1999},
	month = oct,
	isbn = {978-0-7381-1667-9},
	publisher = {IEEE},
	note = {[Online; accessed 31. Aug. 2023]},
	doi = {10.1109/IEEESTD.1999.90571}
}